
@phdthesis{DBLP:phd/ethos/Myreen09,
  author    = {Magnus Oskar Myreen},
  title     = {Formal verification of machine-code programs},
  school    = {University of Cambridge, {UK}},
  year      = {2009}
}


@inproceedings{DBLP:conf/fmcad/MyreenGS12,
  author    = {Magnus O. Myreen and
               Michael J. C. Gordon and
               Konrad Slind},
  title     = {Decompilation into logic - Improved},
  booktitle = {Formal Methods in Computer-Aided Design, {FMCAD} 2012, Cambridge,
               UK, October 22-25, 2012},
  pages     = {78--81},
  year      = {2012},
  crossref  = {DBLP:conf/fmcad/2012},
  url       = {http://ieeexplore.ieee.org/document/6462558/},
  timestamp = {Sat, 29 Apr 2017 16:20:33 +0200},
  biburl    = {http://dblp.uni-trier.de/rec/bib/conf/fmcad/MyreenGS12},
  bibsource = {dblp computer science bibliography, http://dblp.org}
}

@proceedings{DBLP:conf/fmcad/2012,
  editor    = {Gianpiero Cabodi and
               Satnam Singh},
  title     = {Formal Methods in Computer-Aided Design, {FMCAD} 2012, Cambridge,
               UK, October 22-25, 2012},
  publisher = {{IEEE}},
  year      = {2012},
  url       = {http://ieeexplore.ieee.org/xpl/mostRecentIssue.jsp?punumber=6450168},
  isbn      = {978-1-4673-4832-4},
  timestamp = {Wed, 17 Feb 2016 13:08:35 +0100},
  biburl    = {http://dblp.uni-trier.de/rec/bib/conf/fmcad/2012},
  bibsource = {dblp computer science bibliography, http://dblp.org}
}


@inproceedings{Yoichi,
  author    = {Yoichi Hirai},
  title     = {Defining the Ethereum Virtual Machine for Interactive Theorem Provers},
  booktitle = {WTSC'17, 1st Workshop on Trusted Smart Contracts, 
               International Conference on Financial Cryprography and Data Security},
  year      = {2017}
}


@book{Nipkow_PW:Isabelle,
  author    = {Tobias Nipkow and Lawrence Paulson and Markus Wenzel},
  title     = {{Isabelle/HOL} --- A Proof Assistant for Higher-Order Logic},
  publisher = {Springer},
  series    = {Lecture Notes in Computer Science},
  volume    = 2283,
  year      = 2002
}

@article{buterin2013ethereum,
	title={Ethereum white paper: a next generation smart contract \& decentralized application platform},
	author={Buterin, Vitalik},
	journal={www3. ethereum. org Nick Szabo,《 Formalizing and Securing Relationships on Public Networks》, http://szabo. best. vwh. net/formalize. html},
	year={2013}
}

@article{wood2014ethereum,
	title={Ethereum: A secure decentralised generalised transaction ledger},
	author={Wood, Gavin},
	journal={Ethereum Project Yellow Paper},
	volume={151},
	year={2014}
}


@inproceedings{Bhargavan:2016:FVS:2993600.2993611,
 author = {Bhargavan, Karthikeyan and {\em et al.}},
 title = {Formal Verification of Smart Contracts: Short Paper},
 booktitle = {Proceedings of the 2016 ACM Workshop on Programming Languages and Analysis for Security},
 series = {PLAS '16},
 year = {2016},
 pages = {91--96},
 publisher = {ACM}
} 





@inproceedings{DBLP:conf/icfp/MulliganOGRS14,
  author    = {Dominic P. Mulligan and
               Scott Owens and
               Kathryn E. Gray and
               Tom Ridge and
               Peter Sewell},
  title     = {Lem: reusable engineering of real-world semantics},
  booktitle = {Proceedings of the 19th {ACM} {SIGPLAN} international conference on
               Functional programming, Gothenburg, Sweden, September 1-3, 2014},
  pages     = {175--188},
  year      = {2014},
  crossref  = {DBLP:conf/icfp/2014}
}

@proceedings{DBLP:conf/icfp/2014,
  editor    = {Johan Jeuring and
               Manuel M. T. Chakravarty},
  title     = {Proceedings of the 19th {ACM} {SIGPLAN} international conference on
               Functional programming, Gothenburg, Sweden, September 1-3, 2014},
  publisher = {{ACM}},
  year      = {2014}
}



@INPROCEEDINGS{zhao99,
	author = {Zhao, Jianjun},
	title = {Analyzing Control Flow in Java Bytecode},
	booktitle = {Proc. 16th Conference of Japan Society for Software Science and Technology},
	year = {1999},
	pages = {313--316}
}

@online{securify,
	title = {Securify},
	year = {2017},
	howpublished = {\url{http://securify.ch}}
}
@online{openzeppelin,
	title = {OpenZeppelin},
	year = {2017},
	howpublished = {\url{https://openzeppelin.org}}
}

@inproceedings{Reynolds_02,
  title={Separation logic: A logic for shared mutable data structures},
  author={Reynolds, John C},
  booktitle={Logic in Computer Science, 2002. Proceedings. 17th Annual IEEE Symposium on},
  pages={55--74},
  year={2002},
  organization={IEEE}
}

